@manual{anleitung,
  author = {TU Dortmund},
  title = {V16 - Rutherford Streuexperiment},
  URL = "https://moodle.tu-dortmund.de/pluginfile.php/951339/mod_resource/content/1/V16.pdf",
  URLDATE = "2019-12-09",
  year = 2019
}

@rising{gsi,
  author = {Dr. habil Hans-JÃ¼rgen Wollersheim},
  title = {Am-241 decay scheme},
  URL = "http://web-docs.gsi.de/~wolle/EB_at_GSI/STOPPED_BEAMS/ACTIVE_STOPPER/index.html",
  URLDATE = "2019-12-09",
  year = 2006
}
