@manual{anleitung,
  author = {TU Dortmund},
  title = {V27 - Zeemaneffekt},
  URL = "https://moodle.tu-dortmund.de/pluginfile.php/951343/mod_resource/content/1/V27-Mai2019.pdf",
  URLDATE = "2020-01-10",
  year = 2019
}

@universitaetbonn{unibonn,
  author = {Benjamin Joachimi, Benedikt Klobes},
  title = {Zeeman- und Paschen-Back-Effekt},
  URL = "https://astro.uni-bonn.de/~joachimi/fp/Zeeman-Paschen-Back-Effekt.pdf",
  URLDATE = "2020-02-05",
  year = 2005
}
