@manual{sample,
  author = {TU Dortmund},
  title = {Versuch zum Literaturverzeichnis},
  year = 2014
}

@chemgapedia{chemga,
  author = {Prof. Dr. Rainer Herges, Kirsten Klose},
  title = {Quantenchemie: Wellenfunktionen},
  URL = "http://www.chemgapedia.de/vsengine/vlu/vsc/de/ch/2/vlu/modeling/mm_quan_h.vlu/Page/vsc/de/ch/2/cc/modeling/quant_c14.vscml.html",
  URLDATE = "2019-11-18",
}

@halbleiterorg{halbleiter,
  author = {Philipp Laube},
  title = {Grundlagen: Leiter – Nichtleiter – Halbleiter},
  URL = "https://www.halbleiter.org/grundlagen/leiter-nichtleiter-halbleiter/",
  URLDATE = "2019-11-18",
}
