@manual{anleitung,
  author = {TU Dortmund},
  title = {V48 - Dipolrelaxation in Ionenkristallen},
  URL = "https://moodle.tu-dortmund.de/pluginfile.php/1008345/mod_resource/content/1/V48.pdf",
  URLDATE = "2020-01-24",
  year = 2019
}
