@manual{anleitung,
  author = {TU Dortmund},
  title = {V61 - He-Ne-Laser},
  URL = "https://moodle.tu-dortmund.de/pluginfile.php/951348/mod_resource/content/1/V61.pdf",
  URLDATE = "2019-11-06",
  year = 2019
}

@spektrumverlag{spektrum,
  author = {Patrick Voss-de Haan},
  title = {Laser},
  URL = "https://www.spektrum.de/lexikon/physik/laser/8789",
  URLDATE = "2019-11-06",
  year = 1998
}
